<record><leader>00000cas a2200000 a 4500</leader><controlfield tag="001">8447129</controlfield><controlfield tag="008">820520d18601898pauwr n       0   a0eng c</controlfield><datafield ind1=" " ind2=" " tag="010"><subfield code="a">sn 88086163 </subfield></datafield><datafield ind1=" " ind2=" " tag="040"><subfield code="a">VYN</subfield><subfield code="b">eng</subfield><subfield code="c">VYN</subfield><subfield code="d">NPH</subfield><subfield code="d">NPV</subfield><subfield code="d">NPH</subfield><subfield code="d">CNW</subfield><subfield code="d">OCL</subfield><subfield code="d">ATL</subfield><subfield code="d">OCLCQ</subfield><subfield code="d">OCLCF</subfield><subfield code="d">OCLCO</subfield></datafield><datafield ind1=" " ind2=" " tag="042"><subfield code="a">pcc</subfield></datafield><datafield ind1=" " ind2=" " tag="043"><subfield code="a">n-us---</subfield></datafield><datafield ind1=" " ind2="4" tag="050"><subfield code="a">BX8901</subfield></datafield><datafield ind1="0" ind2=" " tag="130"><subfield code="a">Presbyterian banner (Pittsburgh, Pa. : 1860)</subfield></datafield><datafield ind1="1" ind2="0" tag="245"><subfield code="a">Presbyterian banner.</subfield></datafield><datafield ind1=" " ind2=" " tag="260"><subfield code="a">Pittsburgh, Pa. :</subfield><subfield code="b">David M'Kinney &amp; Co.,</subfield><subfield code="c">1860-1898.</subfield></datafield><datafield ind1=" " ind2=" " tag="300"><subfield code="a">v. :</subfield><subfield code="b">ill. ;</subfield><subfield code="c">41-68 cm.</subfield></datafield><datafield ind1=" " ind2=" " tag="310"><subfield code="a">Weekly</subfield></datafield><datafield ind1="0" ind2=" " tag="362"><subfield code="a">Vol. 8, no. 25 (Mar. 10, 1860)-v. 84, no. 52 (June 15, 1898).</subfield></datafield><datafield ind1=" " ind2=" " tag="515"><subfield code="a">Issues for Mar. 10, 1860- called also whole no. 389-</subfield></datafield><datafield ind1=" " ind2=" " tag="515"><subfield code="a">Continues at first the numbering associated with the Presbyterian banner (Philadelphia, Pa.) and the Presbyterian banner &amp; advocate, then beginning with &lt;v. 56&gt;, assumes numbering in continuation of the Weekly recorder. Cf. issue of the Banner for July 7, 1886.</subfield></datafield><datafield ind1=" " ind2=" " tag="530"><subfield code="a">Also issued on microfilm by American Theological Library Association.</subfield></datafield><datafield ind1=" " ind2=" " tag="580"><subfield code="a">Merged with: Presbyterian messenger (Pittsburgh, Pa.); to form: Presbyterian banner (Pittsburgh, Pa. : 1898).</subfield></datafield><datafield ind1=" " ind2="0" tag="650"><subfield code="a">Presbyterian Church</subfield><subfield code="v">Newspapers.</subfield></datafield><datafield ind1=" " ind2="0" tag="650"><subfield code="a">Presbyterians</subfield><subfield code="z">United States</subfield><subfield code="v">Newspapers.</subfield></datafield><datafield ind1=" " ind2="0" tag="651"><subfield code="a">Pittsburgh (Pa.)</subfield><subfield code="v">Newspapers.</subfield></datafield><datafield ind1=" " ind2="7" tag="655"><subfield code="a">Newspapers.</subfield><subfield code="2">fast</subfield><subfield code="0">(OCoLC)fst01423814</subfield></datafield><datafield ind1=" " ind2="7" tag="650"><subfield code="a">Presbyterian Church.</subfield><subfield code="2">fast</subfield><subfield code="0">(OCoLC)fst01075515</subfield></datafield><datafield ind1=" " ind2="7" tag="650"><subfield code="a">Presbyterians.</subfield><subfield code="2">fast</subfield><subfield code="0">(OCoLC)fst01075567</subfield></datafield><datafield ind1=" " ind2="7" tag="651"><subfield code="a">Pennsylvania</subfield><subfield code="z">Pittsburgh.</subfield><subfield code="2">fast</subfield><subfield code="0">(OCoLC)fst01205171</subfield></datafield><datafield ind1=" " ind2="7" tag="651"><subfield code="a">United States.</subfield><subfield code="2">fast</subfield><subfield code="0">(OCoLC)fst01204155</subfield></datafield><datafield ind1=" " ind2=" " tag="752"><subfield code="a">United States</subfield><subfield code="b">Pennsylvania</subfield><subfield code="c">Allegheny</subfield><subfield code="d">Pittsburgh.</subfield></datafield><datafield ind1="1" ind2=" " tag="776"><subfield code="c">Microfilm</subfield><subfield code="d">American Theological Library Association</subfield><subfield code="w">(DLC)sn 99016199</subfield><subfield code="w">(OCoLC)41891054</subfield></datafield><datafield ind1="0" ind2="0" tag="780"><subfield code="t">Presbyterian banner &amp; advocate</subfield><subfield code="w">(DLC)sn 86081131</subfield><subfield code="w">(OCoLC)8446029</subfield></datafield><datafield ind1="1" ind2="7" tag="785"><subfield code="t">Presbyterian messenger (Pittsburgh, Pa.)</subfield><subfield code="w">(OCoLC)7125742</subfield></datafield><datafield ind1="1" ind2="7" tag="785"><subfield code="t">Presbyterian banner (1898)</subfield><subfield code="w">(DLC)sn 88036937</subfield><subfield code="w">(OCoLC)7125760</subfield></datafield></record>